
@article{wu2007efficient,
  title={An efficient B-tree layer implementation for flash-memory storage systems},
  author={Wu, Chin-Hsien and Kuo, Tei-Wei and Chang, Li Ping},
  journal={ACM Transactions on Embedded Computing Systems (TECS)},
  volume={6},
  number={3},
  pages={19},
  year={2007},
  publisher={ACM}
}

@inproceedings{chen2002fractal,
  title={Fractal prefetching B+-trees: Optimizing both cache and disk performance},
  author={Chen, Shimin and Gibbons, Phillip B and Mowry, Todd C and Valentin, Gary},
  booktitle={Proceedings of the 2002 ACM SIGMOD international conference on Management of data},
  pages={157--168},
  year={2002},
  organization={ACM}
}
